% Bibliography for DPE paper

@article{Desai:1978rh,
      author         = "Desai, Bipin R. and Shen, Benjamin C. and Jacob, Maurice",
      title          = "{DOUBLE POMERON EXCHANGE IN HIGH-ENERGY p p COLLISIONS}",
      journal        = "Nucl.Phys.",
      volume         = "B142",
      pages          = "258",
      doi            = "10.1016/0550-3213(78)90202-X",
      year           = "1978",
}